<record><leader>00000cas a22000007a 4500</leader><controlfield tag="001">8796291</controlfield><controlfield tag="008">820922d18561866ctuwr ne      0   a0eng  </controlfield><controlfield tag="009">466</controlfield><datafield ind1=" " ind2=" " tag="010"><subfield code="a">sn 82014332 </subfield></datafield><datafield ind1=" " ind2=" " tag="040"><subfield code="a">DLC</subfield><subfield code="b">eng</subfield><subfield code="c">DLC</subfield><subfield code="d">NPX</subfield><subfield code="d">NPA</subfield><subfield code="d">DLC</subfield><subfield code="d">CNW</subfield><subfield code="d">CNK</subfield><subfield code="d">OCL</subfield><subfield code="d">CNW</subfield><subfield code="d">OCLCO</subfield><subfield code="d">OCLCF</subfield></datafield><datafield ind1="1" ind2=" " tag="029"><subfield code="a">AU@</subfield><subfield code="b">000020224994</subfield></datafield><datafield ind1=" " ind2=" " tag="042"><subfield code="a">msc</subfield></datafield><datafield ind1="0" ind2="0" tag="050"><subfield code="a">Newspaper 7225-X</subfield></datafield><datafield ind1="0" ind2="4" tag="245"><subfield code="a">The Connecticut press.</subfield></datafield><datafield ind1=" " ind2=" " tag="260"><subfield code="a">Hartford, Conn. :</subfield><subfield code="b">Faxon &amp; Pierce,</subfield></datafield><datafield ind1=" " ind2=" " tag="300"><subfield code="a">v. ;</subfield><subfield code="c">68 cm.</subfield></datafield><datafield ind1=" " ind2=" " tag="310"><subfield code="a">Weekly</subfield></datafield><datafield ind1="0" ind2=" " tag="362"><subfield code="a">Vol. 1, no. 1 (Mar. 8, 1856)-v. 11, no. 52 (Dec. 29, 1866).</subfield></datafield><datafield ind1=" " ind2=" " tag="515"><subfield code="a">Issues for &lt;Sept. 25, 1858&gt;-1866 also called: Whole no. &lt;30&gt;-565.</subfield></datafield><datafield ind1=" " ind2=" " tag="530"><subfield code="a">Also available on microfilm from Connecticut State Library, Hartford, CT.</subfield></datafield><datafield ind1=" " ind2=" " tag="580"><subfield code="a">Daily ed.: Hartford evening press.</subfield></datafield><datafield ind1=" " ind2=" " tag="580"><subfield code="a">In 1868, the equipment and subscription list were sold to Connecticut post (Hartford, Conn.)</subfield></datafield><datafield ind1=" " ind2="0" tag="651"><subfield code="a">Hartford (Conn.)</subfield><subfield code="v">Newspapers.</subfield></datafield><datafield ind1=" " ind2="7" tag="655"><subfield code="a">Newspapers.</subfield><subfield code="2">fast</subfield><subfield code="0">(OCoLC)fst01423814</subfield></datafield><datafield ind1=" " ind2="7" tag="651"><subfield code="a">Connecticut</subfield><subfield code="z">Hartford.</subfield><subfield code="2">fast</subfield><subfield code="0">(OCoLC)fst01207441</subfield></datafield><datafield ind1=" " ind2=" " tag="752"><subfield code="a">United States</subfield><subfield code="b">Connecticut</subfield><subfield code="c">Hartford</subfield><subfield code="d">Hartford.</subfield></datafield><datafield ind1="1" ind2=" " tag="775"><subfield code="t">Hartford evening press</subfield><subfield code="w">(DLC)sn 84023082</subfield><subfield code="w">(OCoLC)11080329</subfield></datafield><datafield ind1="0" ind2="0" tag="780"><subfield code="t">Republican (Hartford, Conn.)</subfield><subfield code="w">(DLC)sn 84025785</subfield><subfield code="w">(OCoLC)10703015</subfield></datafield><datafield ind1="0" ind2="4" tag="785"><subfield code="t">Connecticut courant (Hartford, Conn. : 1791)</subfield><subfield code="w">(DLC)sn 84023856</subfield><subfield code="w">(OCoLC)11079198</subfield></datafield><datafield ind1="1" ind2=" " tag="787"><subfield code="t">Connecticut post (Hartford, Conn.)</subfield><subfield code="w">(DLC)sn 82014318</subfield></datafield></record>